@misc{gelman2011causality,
  title={Causality and statistical learning},
  author={Gelman, Andrew},
  year={2011},
  publisher={University of Chicago Press Chicago, IL}
}

@techreport{gelman2013ask,
  title={Why ask why? Forward causal inference and reverse causal questions},
  author={Gelman, Andrew and Imbens, Guido},
  year={2013},
  institution={National Bureau of Economic Research}
}

@book{spirtes2000causation,
  title={Causation, prediction, and search},
  author={Spirtes, Peter and Glymour, Clark N and Scheines, Richard and Heckerman, David},
  year={2000},
  publisher={MIT press}
}

@article{chickering2002optimal,
  title={Optimal structure identification with greedy search},
  author={Chickering, David Maxwell},
  journal={Journal of machine learning research},
  volume={3},
  number={Nov},
  pages={507--554},
  year={2002}
}

@article{wang2013discovering,
  title={Discovering causes and effects of a given node in Bayesian networks},
  author={Wang, Changzhang and Zhou, You and Geng, Zhi},
  journal={Frontiers of Mathematics in China},
  volume={8},
  number={3},
  pages={643--663},
  year={2013},
  publisher={Springer}
}

@article{wang2014discovering,
  title={Discovering and orienting the edges connected to a target variable in a DAG via a sequential local learning approach},
  author={Wang, Changzhang and Zhou, You and Zhao, Qiang and Geng, Zhi},
  journal={Computational Statistics \& Data Analysis},
  volume={77},
  pages={252--266},
  year={2014},
  publisher={Elsevier}
}

@article{xie2008recursive,
  title={A recursive method for structural learning of directed acyclic graphs},
  author={Xie, Xianchao and Geng, Zhi},
  journal={The Journal of Machine Learning Research},
  volume={9},
  pages={459--483},
  year={2008},
  publisher={JMLR. org}
}

@article{xie2006decomposition,
  title={Decomposition of structural learning about directed acyclic graphs},
  author={Xie, Xianchao and Geng, Zhi and Zhao, Qiang},
  journal={Artificial Intelligence},
  volume={170},
  number={4-5},
  pages={422--439},
  year={2006},
  publisher={Elsevier}
}

@article{shimizu2006linear,
  title={A linear non-Gaussian acyclic model for causal discovery.},
  author={Shimizu, Shohei and Hoyer, Patrik O and Hyv{\"a}rinen, Aapo and Kerminen, Antti and Jordan, Michael},
  journal={Journal of Machine Learning Research},
  volume={7},
  number={10},
  year={2006}
}

@article{shimizu2011directlingam,
  title={DirectLiNGAM: A direct method for learning a linear non-Gaussian structural equation model},
  author={Shimizu, Shohei and Inazumi, Takanori and Sogawa, Yasuhiro and Hyv{\"a}rinen, Aapo and Kawahara, Yoshinobu and Washio, Takashi and Hoyer, Patrik O and Bollen, Kenneth},
  journal={The Journal of Machine Learning Research},
  volume={12},
  pages={1225--1248},
  year={2011},
  publisher={JMLR. org}
}



@article{benjamini1995controlling,
  title =	 {Controlling the false discovery rate: a practical
                  and powerful approach to multiple testing},
  author =	 {Benjamini, Yoav and Hochberg, Yosef},
  journal =	 {Journal of the Royal statistical society: series B
                  (Methodological)},
  volume =	 {57},
  number =	 {1},
  pages =	 {289--300},
  year =	 {1995},
  publisher =	 {Wiley Online Library}
}


@article{benjamini2001control,
  title =	 {The control of the false discovery rate in multiple
                  testing under dependency},
  author =	 {Benjamini, Yoav and Yekutieli, Daniel},
  journal =	 {Annals of statistics},
  pages =	 {1165--1188},
  year =	 {2001},
  publisher =	 {JSTOR}
}

@article{barber15,
  title={Controlling the false discovery rate via knockoffs},
  author={Barber, Rina Foygel and Cand{\`e}s, Emmanuel J},
  journal={The Annals of Statistics},
  volume={43},
  number={5},
  pages={2055--2085},
  year={2015},
  publisher={Institute of Mathematical Statistics}
}

@article{candes2018panning,
  title={Panning for gold:‘model-X’knockoffs for high dimensional controlled variable selection},
  author={Candes, Emmanuel and Fan, Yingying and Janson, Lucas and Lv, Jinchi},
  journal={Journal of the Royal Statistical Society: Series B (Statistical Methodology)},
  volume={80},
  number={3},
  pages={551--577},
  year={2018},
  publisher={Wiley Online Library}
}






